<record><leader>00000cas a2200000 a 4500</leader><controlfield tag="001">20975402</controlfield><controlfield tag="008">900130c19469999moudn ne      0   a0eng d</controlfield><datafield ind1=" " ind2=" " tag="010"><subfield code="a">sn 90061366 </subfield></datafield><datafield ind1=" " ind2=" " tag="040"><subfield code="a">UMR</subfield><subfield code="b">eng</subfield><subfield code="c">UMR</subfield><subfield code="d">MQN</subfield><subfield code="d">OCL</subfield><subfield code="d">OCLCQ</subfield><subfield code="d">OCLCF</subfield><subfield code="d">OCLCO</subfield></datafield><datafield ind1="1" ind2=" " tag="029"><subfield code="a">AU@</subfield><subfield code="b">000020587753</subfield></datafield><datafield ind1=" " ind2=" " tag="042"><subfield code="a">msc</subfield></datafield><datafield ind1=" " ind2=" " tag="043"><subfield code="a">n-us-mo</subfield></datafield><datafield ind1=" " ind2=" " tag="092"><subfield code="a">071.78594</subfield><subfield code="b">R647</subfield></datafield><datafield ind1="0" ind2="0" tag="245"><subfield code="a">Rolla daily news.</subfield></datafield><datafield ind1=" " ind2=" " tag="260"><subfield code="a">Rolla, Mo. :</subfield><subfield code="b">Edward W. Sowers,</subfield><subfield code="c">1946-</subfield></datafield><datafield ind1=" " ind2=" " tag="300"><subfield code="a">v.</subfield></datafield><datafield ind1=" " ind2=" " tag="310"><subfield code="a">Daily (except Sat. &amp; Sun.)</subfield></datafield><datafield ind1="0" ind2=" " tag="362"><subfield code="a">Vol. 71, no. 89 (Mar. 19, 1946)-</subfield></datafield><datafield ind1=" " ind2=" " tag="530"><subfield code="a">Also issued on microfilm</subfield><subfield code="b">State Historical Society of Missouri, Columbia, Mo.</subfield></datafield><datafield ind1=" " ind2="0" tag="651"><subfield code="a">Rolla (Mo.)</subfield><subfield code="x">History.</subfield></datafield><datafield ind1=" " ind2="0" tag="651"><subfield code="a">Phelps County (Mo.)</subfield><subfield code="x">History.</subfield></datafield><datafield ind1=" " ind2="0" tag="651"><subfield code="a">Rolla (Mo.)</subfield><subfield code="v">Newspapers.</subfield></datafield><datafield ind1=" " ind2="0" tag="651"><subfield code="a">Phelps County (Mo.)</subfield><subfield code="v">Newspapers.</subfield></datafield><datafield ind1=" " ind2="7" tag="655"><subfield code="a">History.</subfield><subfield code="2">fast</subfield><subfield code="0">(OCoLC)fst01411628</subfield></datafield><datafield ind1=" " ind2="7" tag="655"><subfield code="a">Newspapers.</subfield><subfield code="2">fast</subfield><subfield code="0">(OCoLC)fst01423814</subfield></datafield><datafield ind1=" " ind2="7" tag="651"><subfield code="a">Missouri</subfield><subfield code="z">Phelps County.</subfield><subfield code="2">fast</subfield><subfield code="0">(OCoLC)fst01215968</subfield></datafield><datafield ind1=" " ind2="7" tag="651"><subfield code="a">Missouri</subfield><subfield code="z">Rolla.</subfield><subfield code="2">fast</subfield><subfield code="0">(OCoLC)fst01210032</subfield></datafield><datafield ind1=" " ind2=" " tag="752"><subfield code="a">United States</subfield><subfield code="b">Missouri</subfield><subfield code="c">Phelps</subfield><subfield code="d">Rolla.</subfield></datafield><datafield ind1="0" ind2="0" tag="780"><subfield code="t">Rolla daily new era</subfield><subfield code="w">(DLC)sn 88084104</subfield></datafield><datafield ind1="0" ind2="5" tag="780"><subfield code="t">Rolla weekly herald combined with the Newburg democrat</subfield><subfield code="w">(DLC)sn 90061425</subfield></datafield><datafield ind1="0" ind2="5" tag="780"><subfield code="t">Central Missouri herald</subfield><subfield code="w">(DLC)sn 90061427</subfield></datafield><datafield ind1="0" ind2="5" tag="780"><subfield code="t">Rolla new era advertiser</subfield><subfield code="g">Aug. 1961</subfield><subfield code="w">(DLC)sn 92058908</subfield></datafield></record>